@inproceedings{autodoc,
 author = {Buse, Raymond P.L. and Weimer, Westley R.},
 title = {{Automatic Documentation Inference for Exceptions}},
 booktitle = {{ISSTA '08: Proceedings of the 2008 International Symposium on Software Testing and Analysis}},
 year = {2008},
 pages = {273--282},
 address = {Seattle, WA, USA},
 month = {July}
}
@article{AliasJava,
 author = {Aldrich, Jonathan and Kostadinov, Valentin and Chambers, Craig},
 title = {Alias annotations for program understanding},
 journal = {SIGPLAN Not.},
 volume = {37},
 number = {11},
 year = {2002},
 issn = {0362-1340},
 pages = {311--330},
 doi = {http://doi.acm.org/10.1145/583854.582448},
 publisher = {ACM},
 address = {New York, NY, USA},
 }
@inproceedings{UniquenessInference,
 author = {Cherem, Sigmund and Rugina, Radu},
 title = {Uniqueness inference for compile-time object deallocation},
 booktitle = {ISMM '07: Proceedings of the 6th international symposium on Memory management},
 year = {2007},
 isbn = {978-1-59593-893-0},
 pages = {117--128},
 location = {Montreal, Quebec, Canada},
 doi = {http://doi.acm.org/10.1145/1296907.1296923},
 publisher = {ACM},
 address = {New York, NY, USA},
 }
